@article{centers2003hipaa,
  title={HIPAA privacy rule and public health. Guidance from CDC and the US Department of Health and Human Services},
  author={Centers for Disease Control and Prevention and others},
  journal={MMWR: Morbidity and mortality weekly report},
  volume={52},
  number={Suppl. 1},
  pages={1--17},
  year={2003},
  publisher={US Centers for Disease Control and Prevention}
}

@inproceedings{hu2014validity,
	title={Validity Checking of Putback Transformations in Bidirectional Programming.},
	author={Hu, Zhenjiang and Pacheco, Hugo and Fischer, Sebastian},
	booktitle={FM},
	pages={1--15},
	year={2014}
}

@inproceedings{pacheco2014monadic,
	title={Monadic combinators for putback style bidirectional programming},
	author={Pacheco, Hugo and Hu, Zhenjiang and Fischer, Sebastian},
	booktitle={Proceedings of the acm sigplan 2014 workshop on partial evaluation and program manipulation},
	pages={39--50},
	year={2014},
	organization={ACM}
}

@inproceedings{pacheco2014biflux,
	title={BiFluX: A bidirectional functional update language for XML},
	author={Pacheco, Hugo and Zan, Tao and Hu, Zhenjiang},
	booktitle={Proceedings of the 16th International Symposium on Principles and Practice of Declarative Programming},
	pages={147--158},
	year={2014},
	organization={ACM}
}

@inproceedings{bigul,
	author = {Ko, Hsiang-Shang and Zan, Tao and Hu, Zhenjiang},
	title = {{BiGUL}: A Formally Verified Core Language for Putback-based Bidirectional Programming},
	booktitle = {Proceedings of the 2016 ACM SIGPLAN Workshop on Partial Evaluation and Program Manipulation},
	series = {PEPM '16},
	year = {2016},
	isbn = {978-1-4503-4097-7},
	location = {St. Petersburg, FL, USA},
	pages = {61--72},
	numpages = {12},
	url = {http://doi.acm.org/10.1145/2847538.2847544},
	doi = {10.1145/2847538.2847544},
	acmid = {2847544},
	publisher = {ACM},
	address = {New York, NY, USA},
	keywords = {Putback-based bidirectional transformations, dependent types, formal verification},
} 

@article{bancilhon1981update,
	title={Update semantics of relational views},
	author={Bancilhon, Fran{\c{c}}ois and Spyratos, Nicolas},
	journal={ACM Transactions on Database Systems (TODS)},
	volume={6},
	number={4},
	pages={557--575},
	year={1981},
	publisher={ACM}
}

@article{nakamoto2008bitcoin,
	title={Bitcoin: A peer-to-peer electronic cash system},
	author={Nakamoto, Satoshi},
	year={2008},
	publisher={Working Paper}
}

@article{wood2014ethereum,
	title={Ethereum: A secure decentralised generalised transaction ledger},
	author={Wood, Gavin}
}

@article{yue2016healthcare,
	title={Healthcare data gateways: found healthcare intelligence on blockchain with novel privacy risk control},
	author={Yue, Xiao and Wang, Huiju and Jin, Dawei and Li, Mingqiang and Jiang, Wei},
	journal={Journal of medical systems},
	volume={40},
	number={10},
	pages={218},
	year={2016},
	publisher={Springer}
}

@inproceedings{azaria2016medrec,
	title={Medrec: Using blockchain for medical data access and permission management},
	author={Azaria, Asaph and Ekblaw, Ariel and Vieira, Thiago and Lippman, Andrew},
	booktitle={Open and Big Data (OBD), International Conference on},
	pages={25--30},
	year={2016},
	organization={IEEE}
}

@misc{us2017individuals,
	title={Individualsâ€™ right under HIPAA to access their health information 45 CFR 164.524},
	author={US Department of Health and Human Services and others},
	year={2017}
}

@article{grossman2011clinical,
	title={Clinical data as the basic staple of health learning: creating and protecting a public good},
	author={Grossman, C and Goolsby, W Alexander and Olsen, L and McGinnis, J Michael},
	journal={Washington, DC: Institute of Medicine},
	year={2011}
}

@article{centers2004hipaa,
	title={HIPAA administrative simplification: standard unique health identifier for health care providers. Final rule.},
	author={Centers for Medicare \& Medicaid Services, HHS and others},
	journal={Federal register},
	volume={69},
	number={15},
	pages={3433},
	year={2004}
}

@article{mandl2001public,
	title={Public standards and patients' control: how to keep electronic medical records accessible but privateMedical information: access and privacyDoctrines for developing electronic medical recordsDesirable characteristics of electronic medical recordsChallenges and limitations for electronic medical recordsConclusionsCommentary: Open approaches to electronic patient recordsCommentary: A patient's viewpoint},
	author={Mandl, Kenneth D and Markwell, David and MacDonald, Rhona and Szolovits, Peter and Kohane, Isaac S},
	journal={Bmj},
	volume={322},
	number={7281},
	pages={283--287},
	year={2001},
	publisher={British Medical Journal Publishing Group}
}

@misc{office2015report,
	title={Report to Congress: Report on Health Information Blocking},
	author={Office of the National Coordinator for Health Information Technology},
	year={2015},
	publisher={Department of Health and Human Services Washington, DC}
}

@inproceedings{zyskind2015decentralizing,
	title={Decentralizing privacy: Using blockchain to protect personal data},
	author={Zyskind, Guy and Nathan, Oz and others},
	booktitle={Security and Privacy Workshops (SPW), 2015 IEEE},
	pages={180--184},
	year={2015},
	organization={IEEE}
}

@inproceedings{dubovitskaya2017secure,
	title={Secure and trustable electronic medical records sharing using blockchain},
	author={Dubovitskaya, Alevtina and Xu, Zhigang and Ryu, Samuel and Schumacher, Michael and Wang, Fusheng},
	booktitle={AMIA Annual Symposium Proceedings},
	volume={2017},
	pages={650},
	year={2017},
	organization={American Medical Informatics Association}
}

@misc{hyperledger2017hyperledger,
	title={Hyperledger},
	author={Hyperledger},
	year={2017}
}

@article{liu2018bpds,
	title={BPDS: A Blockchain based Privacy-Preserving Data Sharing for Electronic Medical Records},
	author={Liu, Jingwei and Li, Xiaolu and Ye, Lin and Zhang, Hongli and Du, Xiaojiang and Guizani, Mohsen},
	journal={arXiv preprint arXiv:1811.03223},
	year={2018}
}

@article{xia2017bbds,
	title={BBDS: Blockchain-based data sharing for electronic medical records in cloud environments},
	author={Xia, Qi and Sifah, Emmanuel Boateng and Smahi, Abla and Amofa, Sandro and Zhang, Xiaosong},
	journal={Information},
	volume={8},
	number={2},
	pages={44},
	year={2017},
	publisher={Multidisciplinary Digital Publishing Institute}
}

@inproceedings{amofa2018blockchain,
	title={A Blockchain-based Architecture Framework for Secure Sharing of Personal Health Data},
	author={Amofa, Sandro and Sifah, Emmanuel Boateng and Kwame, O-B and Abla, Smahi and Xia, Qi and Gee, James C and Gao, Jianbin},
	booktitle={2018 IEEE 20th International Conference on e-Health Networking, Applications and Services (Healthcom)},
	pages={1--6},
	year={2018},
	organization={IEEE}
}

@article{dagher2018ancile,
	title={Ancile: Privacy-preserving framework for access control and interoperability of electronic health records using blockchain technology},
	author={Dagher, Gaby G and Mohler, Jordan and Milojkovic, Matea and Marella, Praneeth Babu},
	journal={Sustainable Cities and Society},
	volume={39},
	pages={283--297},
	year={2018},
	publisher={Elsevier}
}

@article{huet2004coq,
	title={The Coq Proof Assistant A Tutorial},
	author={Huet, G{\'e}rard and Kahn, Gilles and Paulin-Mohring, Christine},
	journal={Rapport Technique},
	volume={178},
	year={2004}
}

@article{fan2018medblock,
	title={MedBlock: Efficient and Secure Medical Data Sharing Via Blockchain},
	author={Fan, Kai and Wang, Shangyang and Ren, Yanhui and Li, Hui and Yang, Yintang},
	journal={Journal of medical systems},
	volume={42},
	number={8},
	pages={136},
	year={2018},
	publisher={Springer}
}

@article{esposito2018blockchain,
	title={Blockchain: A Panacea for Healthcare Cloud-Based Data Security and Privacy?},
	author={Esposito, Christian and De Santis, Alfredo and Tortora, Genny and Chang, Henry and Choo, Kim-Kwang Raymond},
	journal={IEEE Cloud Computing},
	volume={5},
	number={1},
	pages={31--37},
	year={2018},
	publisher={IEEE}
}

@article{fitzpatrick2013review,
	title={A review of 25 years of CSCW research in healthcare: contributions, challenges and future agendas},
	author={Fitzpatrick, Geraldine and Ellingsen, Gunnar},
	journal={Computer Supported Cooperative Work (CSCW)},
	volume={22},
	number={4-6},
	pages={609--665},
	year={2013},
	publisher={Springer}
}

@article{zolnierek2009physician,
	title={Physician communication and patient adherence to treatment: a meta-analysis},
	author={Zolnierek, Kelly B Haskard and DiMatteo, M Robin},
	journal={Medical care},
	volume={47},
	number={8},
	pages={826},
	year={2009},
	publisher={NIH Public Access}
}

@article{street2009does,
	title={How does communication heal? Pathways linking clinician--patient communication to health outcomes},
	author={Street Jr, Richard L and Makoul, Gregory and Arora, Neeraj K and Epstein, Ronald M},
	journal={Patient education and counseling},
	volume={74},
	number={3},
	pages={295--301},
	year={2009},
	publisher={Elsevier}
}

@article{zhang2016secure,
	title={A secure system for pervasive social network-based healthcare},
	author={Zhang, Jie and Xue, Nian and Huang, Xin},
	journal={IEEE Access},
	volume={4},
	pages={9239--9250},
	year={2016},
	publisher={IEEE}
}

@phdthesis{chung2018using,
	title={Using Personal Informatics Data in Collaboration among People with Different Expertise},
	author={Chung, Chia-Fang},
	year={2018}
}

@incollection{abou2018introduction,
	title={Introduction to bidirectional transformations},
	author={Abou-Saleh, Faris and Cheney, James and Gibbons, Jeremy and McKinna, James and Stevens, Perdita},
	booktitle={Bidirectional Transformations},
	pages={1--28},
	year={2018},
	publisher={Springer}
}

@inproceedings{czarnecki2009bidirectional,
	title={Bidirectional transformations: A cross-discipline perspective},
	author={Czarnecki, Krzysztof and Foster, J Nathan and Hu, Zhenjiang and L{\"a}mmel, Ralf and Sch{\"u}rr, Andy and Terwilliger, James F},
	booktitle={International Conference on Theory and Practice of Model Transformations},
	pages={260--283},
	year={2009},
	organization={Springer}
}

@article{foster2007combinators,
	title={Combinators for bidirectional tree transformations: A linguistic approach to the view-update problem},
	author={Foster, J Nathan and Greenwald, Michael B and Moore, Jonathan T and Pierce, Benjamin C and Schmitt, Alan},
	journal={ACM Transactions on Programming Languages and Systems (TOPLAS)},
	volume={29},
	number={3},
	pages={17},
	year={2007},
	publisher={ACM}
}